@Misc{facebookStats,
  author = {Facebook},
  title = {Facebook Fakten},
  url = {http://www.facebook.com/press/info.php?factsheet},
  year = {2011},
  month = {04},
  day = {6th}
}

@Misc{facebookInsights,
  author = {Facebook},
  title = {Facebook Insights},
  url = {http://www.facebook.com/help/?search=insights},
  year = {2011},
  month = {04},
  day = {6th}
}

@Misc{facebookBlog,
  author = {Facebook},
  title = {Facebook Blog},
  url = {http://blog.facebook.com/blog.php?post=166797817130},
  year = {2011},
  month = {04}
}

@Misc{facebook500,
  author = {Facebook},
  title = {Allfacebook},
  url = {http://allfacebook.de/news/},
  year = {2011},
  month = {04}
}


@Misc{cityVille,
  author = {Inside Social Games},
  title = {At 48 Million Players, CityVille Could Pass FarmVille Within Days},
  url = {http://www.insidesocialgames.com/2010/12/20/cityville-zynga-farmville/},
  year = {2011},
  month = {04}
}

@Misc{facebookDev,
  author = {Facebook},
  title = {Graph API - Facebook Entwickler},
  url = {http://developers.facebook.com/docs/reference/api/},
  year = {2011},
  month = {04}
}

@Misc{facebookDev2,
  author = {Facebook},
  title = {Social Plugins - Facebook Entwickler},
  url = {http://developers.facebook.com/docs/plugins/},
  year = {2011},
  month = {04}
}

@Misc{internetNutzung,
  author = {Statistisches Bundesamt},
  title = {Fast 70\% der Bev\"olkerung ab zehn Jahren nutzen das Internet},
  url = {http://www.destatis.de/jetspeed/portal/cms/Sites/destatis/Internet/DE/Presse/pm/2007/11/PD07__486__63931,templateId=renderPrint.psml},
  year = {2011},
  month = {04}
}



@Misc{facebookDevBlog,
  author = {Facebook},
  title = {Facebook Developers Blog - Archive},
  url = {http://developers.facebook.com/blog/archive},
  year = {2011},
  month = {04}
}
@Misc{facebookDev3,
  author = {Facebook},
  title = {REST-API - Facebook Entwickler},
  url = {http://developers.facebook.com/docs/reference/rest/},
  year = {2011},
  month = {04}
}



@Misc{facebookDevAuth,
  author = {Facebook},
  title = {Authentication - Facebook Entwickler},
  url = {http://developers.facebook.com/docs/authentication/},
  year = {2011},
  month = {04}
}

@Misc{facebookVirality,
  author = {AllFacebook},
  title = {Facebook App Virality: Not Dead Yet But Dying Slowly},
  url = {http://www.allfacebook.com/facebook-app-virality-not-dead-yet-but-dying-slowly-2010-05},
  year = {2011},
  month = {04}
}


@Misc{zahngesundheit,
  author = {Robert Koch Institut and Statistisches Bundesamt},
  title = {Zahn- und Munderkrankungen},
  url = {http://www.gbe-bund.de/gbe10/abrechnung.prc_abr_test_logon?p_uid=gastg&p_aid=&p_knoten=FID&p_sprache=D&p_suchstring=10418::Z\%E4hne,\%20Zahn},
  year = {2011},
  month = {04}
}

@Misc{dotLang,
  author = {Graphviz},
  title = {DOT Language},
  url = {http://www.graphviz.org/doc/info/lang.html},
  year = {2011},
  month = {04}
}

@Book{oreilly,
  author = 	 {Mario Scheliga},
  title = 	 {Facebook-Anwendungen programmieren},
  publisher = 	 {O'Reilly Verlag},
  year = 	 {2011},
}

@Misc{ttest,
author = 	 {Cardillo G},
title = 	 {Student t-Test for unpaired or paired samples},
year = 	 {2006},
url = {http://www.mathworks.com/matlabcentral/fileexchange/12699},
}



@Book{medicalInterview,
  author = 	 {John Coulehan and Marian Block},
  title = 	 {The Medical Interview: Mastering Skills for Clinical Practice},
  publisher = 	 {F a Davis Co},
  year = 	 {2005},
}

@Article{Lancet01,
  author = 	 {JP Ward and J Gordon and MJ Field and HP Lehmann},
  title = 	 {Communication and information technology in medical education},
  journal = 	 {Lancet},
  year = 	 {2001},
}

@Article{virtualization,
  author = 	 {Rhienmora, P and Haddawy, P and Khanal, P and Suebnukarn, S and Dailey, MN},
  title = 	 {A virtual reality simulator for teaching and evaluating dental procedures},
  journal = 	 {Methods of Information in Medicine},
  year = 	 {2010},
  pages = 	 {396-405},
}


@Article{Strother02,
  author = 	 {Judith Strother},
  title = 	 {An Assessment of the Effectiveness of e-learning in Corporate Training Programs},
  journal = 	 {International Review of Research in Open and Distance Learning },
  year = 	 {2002},
  volume = 	 {3},
}

@book{Lanz06a,
  author = {Michele Lanza and Radu Marinescu},
  interHash = {f34d95bf0a2d17401bbadde19dabc00f},
  intraHash = {0fe1cffa6b150745f70dc5b75ba63cb0},
  title = {Object-Oriented Metrics in Practice},
 publisher = {Springer Verlag},
  url = {http://www.springer.com/alert/urltracking.do?id=5907042},
  year = {2006},
  timestamp = {2008.05.15},
  isbn = {3-540-24429-8},
  owner = {pdeleenh},
  modified = {2007-09-25 21:40:55 +0200}
}